<?xml version="1.0" encoding="UTF-8"?>
<Document xmlns="urn:iso:std:iso:20022:tech:xsd:pain.001.001.03DB"
  xmlns:xsi="http://www.w3.org/2001/XMLSchema-instance">
  <CstmrCdtTrfInitn>
    <GrpHdr>
      <MsgId>1066958036</MsgId>
      <CreDtTm>2022-12-06T19:37:29</CreDtTm>
      <NbOfTxs>1</NbOfTxs>
      <CtrlSum>999.00</CtrlSum>
      <InitgPty>
        <Nm>VODACASH SA</Nm>
      </InitgPty>
      <DltPrvtData>
        <FlwInd>HOMOLOGATION</FlwInd>
        <DltPrvtDataDtl>
          <PrvtDtInf>VODACOM</PrvtDtInf>
          <Tp>
            <CdOrPrtry>
              <Cd>CHANNEL</Cd>
            </CdOrPrtry>
          </Tp>
        </DltPrvtDataDtl>
      </DltPrvtData>
    </GrpHdr>
    <PmtInf>
      <PmtInfId>1066958136</PmtInfId>
      <PmtMtd>TRF</PmtMtd>
      <BtchBookg>0</BtchBookg>
      <NbOfTxs>1</NbOfTxs>
      <CtrlSum>999.00</CtrlSum>
      <DltPrvtData>
        <OrdrPrties>
          <Tp>IMM</Tp>
          <Md>CREATE</Md>
        </OrdrPrties>
      </DltPrvtData>
      <PmtTpInf>
        <InstrPrty>NORM</InstrPrty>
        <SvcLvl>
          <Prtry>SWIFT_SINGLE</Prtry>
        </SvcLvl>
      </PmtTpInf>
      <ReqdExctnDt>2022-12-21</ReqdExctnDt>
      <Dbtr>
        <Nm>VODACASH S.A.</Nm>
        <PstlAdr>
          <TwnNm>KINSHASA</TwnNm>
          <Ctry>CD</Ctry>
        </PstlAdr>
        <CtryOfRes>CD</CtryOfRes>
      </Dbtr>
      <DbtrAcct>
        <Id>
          <Othr>
            <Id>01018038002</Id>
            <SchmeNm>
              <Prtry>BKCOM_ACCOUNT</Prtry>
            </SchmeNm>
          </Othr>
        </Id>
        <Ccy>CDF</Ccy>
      </DbtrAcct>
      <DbtrAgt>
        <FinInstnId>
          <BIC>RAWBCDKIXXX</BIC>
          <Othr>
            <Id>05100</Id>
          </Othr>
        </FinInstnId>
        <BrnchId>
          <Id>05101</Id>
        </BrnchId>
      </DbtrAgt>
      <CdtTrfTxInf>
        <PmtId>
          <InstrId>01-CD018200000000</InstrId>
          <EndToEndId>CD018200000000</EndToEndId>
        </PmtId>
        <Amt>
          <InstdAmt Ccy="CDF">999.00</InstdAmt>
        </Amt>
        <CdtrAgt>
          <FinInstnId>
            <BIC>HSBCHKHHHKH</BIC>
            <Othr>
              <Id>HSBCH</Id>
            </Othr>
          </FinInstnId>
          <BrnchId>
            <Id>KHHHK</Id>
          </BrnchId>
        </CdtrAgt>
        <Cdtr>
          <Nm>HUAWEI INTERNATIONAL CO.LIMITED</Nm>
          <PstlAdr>
            <PstCd>0000</PstCd>
            <TwnNm>KOWLOON</TwnNm>
            <CtrySubDvsn>KLN</CtrySubDvsn>
            <Ctry>HK</Ctry>
            <AdrLine>9TH FLOOR TOWER 6 THE GATEWAY</AdrLine>
          </PstlAdr>
        </Cdtr>
        <CdtrAcct>
          <Id>
            <Othr>
              <Id>848583746201</Id>
              <SchmeNm>
                <Prtry>RIB</Prtry>
              </SchmeNm>
            </Othr>
          </Id>
          <Ccy>CDF</Ccy>
        </CdtrAcct>
        <RgltryRptg>
          <Authrty>
            <Ctry>HK</Ctry>
          </Authrty>
        </RgltryRptg>
        <RmtInf>
          <Ustrd>CD018200000000</Ustrd>
        </RmtInf>
      </CdtTrfTxInf>
    </PmtInf>
  </CstmrCdtTrfInitn>
</Document>