<?xml version="1.0" encoding="utf-8"?>
<Document xmlns="urn:iso:std:iso:20022:tech:xsd:pain.001.001.03DB"
  xmlns:xsi="http://www.w3.org/2001/XMLSchema-instance"
  xsi:schemaLocation="X 00000000">
  <CstmrCdtTrfInitn>
    <GrpHdr>
      <MsgId>1066948236</MsgId>
      <CreDtTm>2022-10-04T16:17:14</CreDtTm>
      <NbOfTxs>1</NbOfTxs>
      <CtrlSum>2500.00</CtrlSum>
      <InitgPty>
        <Nm>VODACOM CONGO SA</Nm>
      </InitgPty>
      <DltPrvtData>
        <FlwInd>HOMOLOGATION</FlwInd>
        <DltPrvtDataDtl>
          <PrvtDtInf>VODACOM</PrvtDtInf>
          <Tp>
            <CdOrPrtry>
              <Cd>CHANNEL</Cd>
            </CdOrPrtry>
          </Tp>
        </DltPrvtDataDtl>
      </DltPrvtData>
    </GrpHdr>
    <PmtInf>
      <PmtInfId>1066948337</PmtInfId>
      <PmtMtd>TRF</PmtMtd>
      <BtchBookg>0</BtchBookg>
      <NbOfTxs>1</NbOfTxs>
      <CtrlSum>2500.00</CtrlSum>
      <DltPrvtData>
        <OrdrPrties>
          <Tp>IMM</Tp>
          <Md>CREATE</Md>
        </OrdrPrties>
      </DltPrvtData>
      <PmtTpInf>
        <InstrPrty>NORM</InstrPrty>
        <SvcLvl>
          <Prtry>SWIFT_SINGLE</Prtry>
        </SvcLvl>
      </PmtTpInf>
      <ReqdExctnDt>2022-12-21</ReqdExctnDt>
      <Dbtr>
        <Nm>VODACOM CONGO S.A.</Nm>
        <PstlAdr>
          <TwnNm>KINSHASA</TwnNm>
          <Ctry>CD</Ctry>
        </PstlAdr>
        <CtryOfRes>CD</CtryOfRes>
      </Dbtr>
      <DbtrAcct>
        <Id>
          <Othr>
            <Id>01000041907</Id>
            <SchmeNm>
              <Prtry>BKCOM_ACCOUNT</Prtry>
            </SchmeNm>
          </Othr>
        </Id>
        <Ccy>USD</Ccy>
      </DbtrAcct>
      <DbtrAgt>
        <FinInstnId>
          <BIC>RAWBCDKIXXX</BIC>
          <Othr>
            <Id>05100</Id>
          </Othr>
        </FinInstnId>
        <BrnchId>
          <Id>05101</Id>
        </BrnchId>
      </DbtrAgt>
      <CdtTrfTxInf>
        <PmtId>
          <InstrId>01-CD008200002453</InstrId>
          <EndToEndId>CD008200002453</EndToEndId>
        </PmtId>
        <Amt>
          <InstdAmt Ccy="USD">2500.00</InstdAmt>
        </Amt>
        <CdtrAgt>
          <FinInstnId>
            <BIC>SFBXCDKIXXX</BIC>
            <Othr>
              <Id>00023</Id>
            </Othr>
          </FinInstnId>
          <BrnchId>
            <Id>20100</Id>
          </BrnchId>
        </CdtrAgt>
        <Cdtr>
          <Nm>MONGO BOLAMBOKA</Nm>
          <PstlAdr>
            <PstCd>1139</PstCd>
            <TwnNm>TSHIKAPA</TwnNm>
            <Ctry>CD</Ctry>
            <AdrLine>HOLLYWOOD BOULEVARD</AdrLine>
          </PstlAdr>
        </Cdtr>
        <CdtrAcct>
          <Id>
            <Othr>
              <Id>00023201000278945879084</Id>
              <SchmeNm>
                <Prtry>RIB_RDC</Prtry>
              </SchmeNm>
            </Othr>
          </Id>
        </CdtrAcct>
        <RmtInf>
          <Ustrd>CD008200002453</Ustrd>
        </RmtInf>
      </CdtTrfTxInf>
    </PmtInf>
  </CstmrCdtTrfInitn>
</Document>