<?xml version="1.0" encoding="UTF-8"?><Document xmlns="urn:iso:std:iso:20022:tech:xsd:pain.001.001.03DB" xmlns:xsi="http://www.w3.org/2001/XMLSchema-instance">
  <CstmrCdtTrfInitn>
    <GrpHdr>
      <MsgId>1066957640</MsgId>
      <CreDtTm>2022-12-05T19:23:14</CreDtTm>
      <NbOfTxs>1</NbOfTxs>
      <CtrlSum>200.00</CtrlSum>
      <InitgPty>
        <Nm>VODACOM CONGO DRC SA</Nm>
      </InitgPty>
      <DltPrvtData>
        <FlwInd>HOMOLOGATION</FlwInd>
        <DltPrvtDataDtl>
          <PrvtDtInf>VODACOM</PrvtDtInf>
          <Tp>
            <CdOrPrtry>
              <Cd>CHANNEL</Cd>
            </CdOrPrtry>
          </Tp>
        </DltPrvtDataDtl>
      </DltPrvtData>
    </GrpHdr>
    <PmtInf>
      <PmtInfId>1066957741</PmtInfId>
      <PmtMtd>TRF</PmtMtd>
      <BtchBookg>0</BtchBookg>
      <NbOfTxs>1</NbOfTxs>
      <CtrlSum>200.00</CtrlSum>
      <DltPrvtData>
        <OrdrPrties>
          <Tp>IMM</Tp>
          <Md>CREATE</Md>
        </OrdrPrties>
      </DltPrvtData>
      <PmtTpInf>
   <InstrPrty>NORM</InstrPrty>
        <SvcLvl>
          <Prtry>INTERNAL</Prtry>
        </SvcLvl>
      </PmtTpInf>
      <ReqdExctnDt>2022-12-08</ReqdExctnDt>
      <Dbtr>
        <Nm>VODACOM CONGO DRC S.A.</Nm>
        <PstlAdr>
          <TwnNm>KINSHASA</TwnNm>
          <Ctry>CD</Ctry>
        </PstlAdr>
        <CtryOfRes>CD</CtryOfRes>
      </Dbtr>
      <DbtrAcct>
        <Id>
          <Othr>
            <Id>01000041908</Id>
            <SchmeNm>
              <Prtry>BKCOM_ACCOUNT</Prtry>
     </SchmeNm>
          </Othr>
        </Id>
        <Ccy>CDF</Ccy>
      </DbtrAcct>
      <DbtrAgt>
        <FinInstnId>
          <BIC>RAWBCDKIXXX</BIC>
          <Othr>
            <Id>05100</Id>
          </Othr>
        </FinInstnId>
        <BrnchId>
          <Id>05101</Id>
        </BrnchId>
      </DbtrAgt>
      <CdtTrfTxInf>
        <PmtId>
          <InstrId>01-CD008200002478</InstrId>
          <EndToEndId>CD008200002478</EndToEndId>
        </PmtId>
        <Amt>
          <InstdAmt Ccy="CDF">200.00</InstdAmt>
        </Amt>
        <CdtrAgt>
          <FinInstnId>
            <BIC>RAWBCDKIXXX</BIC>
            <Othr>
              <Id>05100</Id>
            </Othr>
          </FinInstnId>
          <BrnchId>
            <Id>05101</Id>
      </BrnchId>
        </CdtrAgt>
        <Cdtr>
          <Nm>TOTAL RDC SA</Nm>
          <PstlAdr>
            <PstCd>111</PstCd>
            <TwnNm>KINSHASA</TwnNm>
            <Ctry>CD</Ctry>
            <AdrLine>652  AV COLONEL LUKUSA</AdrLine>
      </PstlAdr>
        </Cdtr>
        <CdtrAcct>
          <Id>
            <Othr>
              <Id>01000440902</Id>
              <SchmeNm>
                <Prtry>BKCOM_ACCOUNT</Prtry>
              </SchmeNm>
            </Othr>
          </Id>
     <Ccy>CDF</Ccy>
        </CdtrAcct>
        <RmtInf>
          <Ustrd>CD008200002478</Ustrd>
        </RmtInf>
      </CdtTrfTxInf>
    </PmtInf>
  </CstmrCdtTrfInitn>
</Document>