<?xml version="1.0" encoding="utf-8"?><Document xmlns="urn:iso:std:iso:20022:tech:xsd:pain.001.001.03DB" xmlns:xsi="http://www.w3.org/2001/XMLSchema-instance"><CstmrCdtTrfInitn><GrpHdr><MsgId>FRN-AP0000000283</MsgId><CreDtTm>2022-12-06T08:41:51</CreDtTm><NbOfTxs>1</NbOfTxs><CtrlSum>70000000.00</CtrlSum><InitgPty><Nm>Frontier SA</Nm></InitgPty><DltPrvtData><FlwInd>HOMOLOGATION</FlwInd><DltPrvtDataDtl><PrvtDtInf>FRONTIER</PrvtDtInf><Tp><CdOrPrtry><Cd>CHANNEL</Cd></CdOrPrtry></Tp></DltPrvtDataDtl></DltPrvtData></GrpHdr><PmtInf><PmtInfId>FRN-AP0000000283-1</PmtInfId><PmtMtd>TRF</PmtMtd><BtchBookg>0</BtchBookg><NbOfTxs>1</NbOfTxs><DltPrvtData><OrdrPrties><Tp>IMM</Tp><Md>CREATE</Md></OrdrPrties></DltPrvtData><PmtTpInf><SvcLvl><Prtry>INTERNAL</Prtry></SvcLvl></PmtTpInf><ReqdExctnDt>2022-12-06</ReqdExctnDt><Dbtr><Nm>Frontier Sprl</Nm><PstlAdr><StrtNm>238, Route Likasi, c/annexe,</StrtNm><PstCd>0000</PstCd><TwnNm>Lubumbashi</TwnNm><Ctry>CD</Ctry></PstlAdr></Dbtr><DbtrAcct><Id><Othr><Id>01011341602</Id><SchmeNm><Prtry>BKCOM_ACCOUNT</Prtry></SchmeNm></Othr></Id><Ccy>CDF</Ccy></DbtrAcct><DbtrAgt><FinInstnId><BIC>RAWBCDKIXXX</BIC><Othr><Id>05100</Id></Othr></FinInstnId><BrnchId><Id>05130</Id></BrnchId></DbtrAgt><CdtTrfTxInf><PmtId><InstrId>00000285</InstrId><EndToEndId>00000285</EndToEndId></PmtId><Amt><InstdAmt Ccy="CDF">70000000.00</InstdAmt></Amt><CdtrAgt><FinInstnId><BIC>SFBXCDKIXXX</BIC></FinInstnId></CdtrAgt><Cdtr><Nm>SONAS/SIEGE V/C USD</Nm><PstlAdr><StrtNm>COMMUNE DE GOMBE</StrtNm><BldgNb>VILLE DE KINSHAS</BldgNb><PstCd>0000</PstCd><TwnNm>KINSHASA</TwnNm><CtrySubDvsn>CD-KN</CtrySubDvsn><Ctry>CD</Ctry></PstlAdr></Cdtr><CdtrAcct><Id><Othr><Id>00023201330152919010036</Id><SchmeNm><Prtry>BKCOM_ACCOUNT</Prtry></SchmeNm></Othr></Id><Ccy>CDF</Ccy></CdtrAcct><RmtInf><Ustrd>CDFINV003, CDFINV004</Ustrd></RmtInf></CdtTrfTxInf></PmtInf></CstmrCdtTrfInitn></Document>
