<?xml version="1.0" encoding="UTF-8"?>
<Document xmlns="urn:iso:std:iso:20022:tech:xsd:pain.001.001.03DB" xmlns:xsi="http://www.w3.org/2001/XMLSchema-instance">
	<CstmrCdtTrfInitn>
		<GrpHdr>
			<MsgId>1001919021</MsgId>
			<CreDtTm>2022-05-25T19:25:40</CreDtTm>
			<NbOfTxs>1</NbOfTxs>
			<CtrlSum>250</CtrlSum>
			<InitgPty>
				<Nm>KORRIDOR SA</Nm>
			</InitgPty>
			<DltPrvtData>
				<FlwInd>HOMOLOGATION</FlwInd>
				<DltPrvtDataDtl>
					<PrvtDtInf>KOR</PrvtDtInf>
					<Tp>
						<CdOrPrtry>
							<Cd>CHANNEL</Cd>
						</CdOrPrtry>
					</Tp>
				</DltPrvtDataDtl>
			</DltPrvtData>
		</GrpHdr>
		<PmtInf>
			<PmtInfId>1001919021</PmtInfId>
			<PmtMtd>TRF</PmtMtd>
			<BtchBookg>0</BtchBookg>
			<PmtTpInf>
				<InstrPrty>NORM</InstrPrty>
				<SvcLvl>
					<Prtry>INTERNAL</Prtry>
				</SvcLvl>
			</PmtTpInf>
			<ReqdExctnDt>2022-05-05</ReqdExctnDt>
			<Dbtr>
				<Nm>KORRIDOR SA</Nm>
				<PstlAdr>
					<StrtNm>9, Avenue Tombal Baye</StrtNm>
					<TwnNm>Kinshasa</TwnNm>
					<Ctry>CD</Ctry>
					<AdrLine>3e Etage de IImmeuble, Le Prestige</AdrLine>
					<AdrLine>Commune de la Gombe, Kinshasa</AdrLine>
				</PstlAdr>
				<CtryOfRes>CD</CtryOfRes>
			</Dbtr>
			<DbtrAcct>
				<Id>
					<Othr>
						<Id>01005761804</Id>
						<SchmeNm>
							<Prtry>BKCOM_ACCOUNT</Prtry>
						</SchmeNm>
					</Othr>
				</Id>
				<Ccy>USD</Ccy>
			</DbtrAcct>
			<DbtrAgt>
				<FinInstnId>
					<BIC>RAWBCDKIXXX</BIC>
					<PstlAdr>
						<Ctry>CD</Ctry>
					</PstlAdr>
					<Othr>
						<Id>05100</Id>
					</Othr>
				</FinInstnId>
				<BrnchId>
					<Id>15152</Id>
				</BrnchId>
			</DbtrAgt>
			<CdtTrfTxInf>
				<PmtId>
					<InstrId>01-816220000002422022</InstrId>
					<EndToEndId>2000000242</EndToEndId>
				</PmtId>
				<Amt>
					<InstdAmt Ccy="USD">250</InstdAmt>
				</Amt>
				<CdtrAgt>
					<FinInstnId>
						<Nm>Rawbank</Nm>
						<Othr>
							<Id>05100</Id>
						</Othr>
					</FinInstnId>
					<BrnchId>
						<Id>10052</Id>
					</BrnchId>
				</CdtrAgt>
				<Cdtr>
					<Nm>Bright Future Business Company</Nm>
					<PstlAdr>
						<StrtNm>Quartier Toyota</StrtNm>
						<PstCd>9999</PstCd>
						<TwnNm>Durba</TwnNm>
						<Ctry>CD</Ctry>
						<AdrLine>Quartier Toyota</AdrLine>
						<AdrLine>9999 Durba</AdrLine>
					</PstlAdr>
				</Cdtr>
				<CdtrAcct>
					<Id>
						<Othr>
							<Id>01060727302</Id>
							<SchmeNm>
								<Prtry>BKCOM_ACCOUNT</Prtry>
							</SchmeNm>
						</Othr>
					</Id>
					<Nm>Bright Future Business Company</Nm>
				</CdtrAcct>
			</CdtTrfTxInf>
		</PmtInf>
	</CstmrCdtTrfInitn>
</Document>