<?xml version="1.0" encoding="utf-8"?><Document xmlns="urn:iso:std:iso:20022:tech:xsd:pain.001.001.03DB" xmlns:xsi="http://www.w3.org/2001/XMLSchema-instance"><CstmrCdtTrfInitn><GrpHdr><MsgId>NGN-AP0000000001</MsgId><CreDtTm>2022-08-08T11:12:49</CreDtTm><NbOfTxs>2</NbOfTxs><CtrlSum>27.00</CtrlSum><InitgPty><Nm>NGONDO MINING Sarl</Nm></InitgPty><DltPrvtData><FlwInd>HOMOLOGATION</FlwInd><DltPrvtDataDtl><PrvtDtInf>NGONDO</PrvtDtInf><Tp><CdOrPrtry><Cd>CHANNEL</Cd></CdOrPrtry></Tp></DltPrvtDataDtl></DltPrvtData></GrpHdr><PmtInf><PmtInfId>NGN-AP0000000001-1</PmtInfId><PmtMtd>TRF</PmtMtd><BtchBookg>0</BtchBookg><NbOfTxs>2</NbOfTxs><DltPrvtData><OrdrPrties><Tp>IMM</Tp><Md>CREATE</Md></OrdrPrties></DltPrvtData><PmtTpInf><SvcLvl><Prtry>INTERNAL</Prtry></SvcLvl></PmtTpInf><ReqdExctnDt>2022-08-08</ReqdExctnDt><Dbtr><Nm>Ngondo</Nm><PstlAdr><StrtNm>LUBUMBASHI</StrtNm><TwnNm>LUBUMBASHI</TwnNm><Ctry>CD</Ctry></PstlAdr></Dbtr><DbtrAcct><Id><Othr><Id>01050893501</Id><SchmeNm><Prtry>BKCOM_ACCOUNT</Prtry></SchmeNm></Othr></Id><Ccy>USD</Ccy></DbtrAcct><DbtrAgt><FinInstnId><BIC>RAWBCDKIXXX</BIC><PstlAdr><Ctry>CD</Ctry></PstlAdr><Othr><Id>05100</Id></Othr></FinInstnId><BrnchId><Id>55130</Id></BrnchId></DbtrAgt><CdtTrfTxInf><PmtId><InstrId>00000001</InstrId><EndToEndId>00000001</EndToEndId></PmtId><Amt><InstdAmt Ccy="USD">12.00</InstdAmt></Amt><CdtrAgt><FinInstnId><BIC>RAWBCDKIXXX</BIC></FinInstnId><BrnchId><Id>05130</Id></BrnchId></CdtrAgt><Cdtr><Nm>FRONTIER SA</Nm><PstlAdr><StrtNm>ZAMBIAN BORDER, 2KM FROM SAKANIA</StrtNm><PstCd>0000</PstCd><TwnNm>SAKANIA</TwnNm><Ctry>CD</Ctry></PstlAdr></Cdtr><CdtrAcct><Id><Othr><Id>01011341601</Id><SchmeNm><Prtry>BKCOM_ACCOUNT</Prtry></SchmeNm></Othr></Id><Ccy>USD</Ccy></CdtrAcct><RmtInf><Ustrd>CR-FRN-FTI-000001149</Ustrd></RmtInf></CdtTrfTxInf><CdtTrfTxInf><PmtId><InstrId>00000002</InstrId><EndToEndId>00000002</EndToEndId></PmtId><Amt><InstdAmt Ccy="USD">15.00</InstdAmt></Amt><CdtrAgt><FinInstnId><BIC>RAWBCDKIXXX</BIC></FinInstnId><BrnchId><Id>15136</Id></BrnchId></CdtrAgt><Cdtr><Nm>BABA DRILLING DRC</Nm><PstlAdr><StrtNm>ACCOUNTS</StrtNm><BldgNb>85 AVENU MANIAMA</BldgNb><PstCd>0000</PstCd><TwnNm>LUBUMBASHI</TwnNm><Ctry>CD</Ctry></PstlAdr></Cdtr><CdtrAcct><Id><Othr><Id>01026106701</Id><SchmeNm><Prtry>BKCOM_ACCOUNT</Prtry></SchmeNm></Othr></Id><Ccy>USD</Ccy></CdtrAcct><RmtInf><Ustrd>BABA-0183</Ustrd></RmtInf></CdtTrfTxInf></PmtInf></CstmrCdtTrfInitn></Document>
