<?xml version="1.0" encoding="utf-8"?><Document xmlns="urn:iso:std:iso:20022:tech:xsd:pain.001.001.03DB" xmlns:xsi="http://www.w3.org/2001/XMLSchema-instance"><CstmrCdtTrfInitn><GrpHdr><MsgId>com-AP0000000003</MsgId><CreDtTm>2022-08-22T10:42:32</CreDtTm><NbOfTxs>1</NbOfTxs><CtrlSum>16.00</CtrlSum><InitgPty><Nm>Comide SARL</Nm></InitgPty><DltPrvtData><FlwInd>HOMOLOGATION</FlwInd><DltPrvtDataDtl><PrvtDtInf>COMIDE</PrvtDtInf><Tp><CdOrPrtry><Cd>CHANNEL</Cd></CdOrPrtry></Tp></DltPrvtDataDtl></DltPrvtData></GrpHdr><PmtInf><PmtInfId>com-AP0000000003-1</PmtInfId><PmtMtd>TRF</PmtMtd><BtchBookg>0</BtchBookg><NbOfTxs>1</NbOfTxs><DltPrvtData><OrdrPrties><Tp>IMM</Tp><Md>CREATE</Md></OrdrPrties></DltPrvtData><PmtTpInf><SvcLvl><Prtry>INTERNAL</Prtry></SvcLvl></PmtTpInf><ReqdExctnDt>2022-08-22</ReqdExctnDt><Dbtr><Nm>COMIDE</Nm><PstlAdr><StrtNm>LUBUMBASHI</StrtNm><TwnNm>LUBUMBASHI</TwnNm><Ctry>CD</Ctry></PstlAdr></Dbtr><DbtrAcct><Id><Othr><Id>01002101901</Id><SchmeNm><Prtry>BKCOM_ACCOUNT</Prtry></SchmeNm></Othr></Id><Ccy>USD</Ccy></DbtrAcct><DbtrAgt><FinInstnId><BIC>RAWBCDKI</BIC><Othr><Id>05100</Id></Othr></FinInstnId><BrnchId><Id>05130</Id></BrnchId></DbtrAgt><CdtTrfTxInf><PmtId><InstrId>00000003</InstrId><EndToEndId>00000003</EndToEndId></PmtId><Amt><InstdAmt Ccy="USD">16.00</InstdAmt></Amt><CdtrAgt><FinInstnId><BIC>RAWBCDKIXXX</BIC></FinInstnId><BrnchId><Id>05121</Id></BrnchId></CdtrAgt><Cdtr><Nm>AIR FAST CONGO SPRL</Nm><PstlAdr><StrtNm>5 AVENUE USOKE</StrtNm><BldgNb>QUARTIER INDUSTR</BldgNb><PstCd>0000</PstCd><TwnNm>LUBUMBASHI</TwnNm><Ctry>CD</Ctry></PstlAdr></Cdtr><CdtrAcct><Id><Othr><Id>01004904501</Id><SchmeNm><Prtry>BKCOM_ACCOUNT</Prtry></SchmeNm></Othr></Id><Ccy>USD</Ccy></CdtrAcct><RmtInf><Ustrd>587/KZI/RA/19</Ustrd></RmtInf></CdtTrfTxInf></PmtInf></CstmrCdtTrfInitn></Document>
