<?xml version="1.0" encoding="ISO-8859-1"?>
<Document xmlns:xsi="http://www.w3.org/2001/XMLSchema-instance" xmlns="urn:iso:std:iso:20022:tech:xsd:pain.001.001.03DB">
	<CstmrCdtTrfInitn>
		<GrpHdr>
			<MsgId>10003022082287-06</MsgId>
			<CreDtTm>2022-08-23T08:12:02</CreDtTm>
			<NbOfTxs>8</NbOfTxs>
			<CtrlSum>529823.44</CtrlSum>
			<InitgPty>
				<Nm>KAMOA COPPER</Nm>
			</InitgPty>
			<DltPrvtData>
				<FlwInd>HOMOLOGATION</FlwInd>
				<DltPrvtDataDtl>
					<PrvtDtInf>KAMOA</PrvtDtInf>
					<Tp>
						<CdOrPrtry>
							<Cd>CHANNEL</Cd>
						</CdOrPrtry>
					</Tp>
				</DltPrvtDataDtl>
			</DltPrvtData>
		</GrpHdr>
		<PmtInf>
			<PmtInfId>1000302309-07</PmtInfId>
			<PmtMtd>TRF</PmtMtd>
			<BtchBookg>0</BtchBookg>
			<NbOfTxs>8</NbOfTxs>
			<CtrlSum>529823.44</CtrlSum>
			<DltPrvtData>
				<OrdrPrties>
					<Tp>IMM</Tp>
					<Md>CREATE</Md>
				</OrdrPrties>
			</DltPrvtData>
			<ReqdExctnDt>2022-08-23</ReqdExctnDt>
			<Dbtr>
				<Nm>KAMOA COPPER SA</Nm>
				<PstlAdr>
					<StrtNm>Commune DE LA GOMBE</StrtNm>
					<BldgNb>46803</BldgNb>
					<TwnNm>Kinshasa</TwnNm>
					<CtrySubDvsn>KT</CtrySubDvsn>
					<Ctry>CD</Ctry>
					<AdrLine>Commune DE LA GOMBE</AdrLine>
					<AdrLine>Kinshasa</AdrLine>
				</PstlAdr>
				<Id>
					<OrgId>
						<Othr>
							<Id>TFM</Id>
							<SchmeNm>
								<Cd>BANK</Cd>
							</SchmeNm>
						</Othr>
					</OrgId>
				</Id>
				<CtryOfRes>CD</CtryOfRes>
			</Dbtr>
			<DbtrAcct>
				<Id>
					<Othr>
						<Id>01000041908</Id>
						<SchmeNm>
							<Prtry>BKCOM_ACCOUNT</Prtry>
						</SchmeNm>
					</Othr>
				</Id>
				<Ccy>USD</Ccy>
			</DbtrAcct>
			<DbtrAgt>
				<FinInstnId>
					<PstlAdr>
						<Ctry>CD</Ctry>
					</PstlAdr>
					<Othr>
						<Id>05100</Id>
					</Othr>
				</FinInstnId>
				<BrnchId>
					<Id>15152</Id>
				</BrnchId>
			</DbtrAgt>
			<ChrgBr>DEBT</ChrgBr>
			<CdtTrfTxInf>
				<PmtId>
					<InstrId>02-145820000084582022440</InstrId>
					<EndToEndId>2000008458</EndToEndId>
				</PmtId>
				<PmtTpInf>
					<InstrPrty>NORM</InstrPrty>
					<SvcLvl>
						<Prtry>SWIFT_SINGLE</Prtry>
					</SvcLvl>
				</PmtTpInf>
				<Amt>
					<InstdAmt Ccy="USD">48426.29</InstdAmt>
				</Amt>
				<CdtrAgt>
					<FinInstnId>
						<BIC>TRMSCD3L</BIC>
						<Nm>TRUST MERCHANT BANK SARL</Nm>
						<Othr>
							<Id>00017</Id>
						</Othr>
					</FinInstnId>
					<BrnchId>
						<Id>25000</Id>
					</BrnchId>
				</CdtrAgt>
				<Cdtr>
					<Nm>EQUITY MANAGEMENT SARL</Nm>
					<PstlAdr>
						<StrtNm>18 AVENUE USOKE QUARTIER INDUSTRIEL</StrtNm>
						<PstCd>1234</PstCd>
						<TwnNm>LUBUMBASHI</TwnNm>
						<CtrySubDvsn>HK</CtrySubDvsn>
						<Ctry>CD</Ctry>
						<AdrLine>18 AVENUE USOKE QUARTIER INDUSTRIEL</AdrLine>
						<AdrLine>1234 LUBUMBASHI</AdrLine>
					</PstlAdr>
				</Cdtr>
				<CdtrAcct>
					<Id>
						<Othr>
							<Id>00017250000010592000110</Id>
							<SchmeNm>
								<Prtry>RIB_RDC</Prtry>
							</SchmeNm>
						</Othr>
					</Id>
					<Nm>EQUITY MANAGEMENT SARL</Nm>
				</CdtrAcct>
				<Purp>
					<Cd>CASH</Cd>
				</Purp>
				<Tax>
					<Dbtr>
						<TaxId>A0810758D</TaxId>
					</Dbtr>
					<RefNb>TFM/202202/0002</RefNb>
					<Dt>2022-04-01</Dt>
					<Rcrd>
						<Tp>WHT</Tp>
						<TaxAmt>
							<TaxblBaseAmt Ccy="USD">0</TaxblBaseAmt>
							<TtlAmt Ccy="USD">0</TtlAmt>
						</TaxAmt>
					</Rcrd>
				</Tax>
				<RmtInf>
					<Ustrd>Tenke Fur USD 48.426,29 20220401</Ustrd>
				</RmtInf>
				<LclRef>
					<Id>TTC</Id>
					<Tp>INFO1</Tp>
				</LclRef>
				<LclRef>
					<Id>LOC</Id>
					<Tp>INFO2</Tp>
				</LclRef>
				<LclRef>
					<Id>1103</Id>
					<Tp>MOT1</Tp>
				</LclRef>
				<LclRef>
					<Id>KIN</Id>
					<Tp>MOT2</Tp>
				</LclRef>
			</CdtTrfTxInf>
			<CdtTrfTxInf>
				<PmtId>
					<InstrId>02-14582000008459202241</InstrId>
					<EndToEndId>2000008459</EndToEndId>
				</PmtId>
				<PmtTpInf>
					<InstrPrty>NORM</InstrPrty>
					<SvcLvl>
						<Prtry>INTERNAL</Prtry>
					</SvcLvl>
				</PmtTpInf>
				<Amt>
					<InstdAmt Ccy="USD">196020.77</InstdAmt>
				</Amt>
				<CdtrAgt>
					<FinInstnId>
						<BIC>RAWBCDKI</BIC>
						<Nm>RAWBANK</Nm>
						<Othr>
							<Id>05100</Id>
						</Othr>
					</FinInstnId>
					<BrnchId>
						<Id>05130</Id>
					</BrnchId>
				</CdtrAgt>
				<Cdtr>
					<Nm>MINING ENGINEERING SERVICES SARL</Nm>
					<PstlAdr>
						<StrtNm>794 Deviation de route Likasi</StrtNm>
						<PstCd>00000</PstCd>
						<TwnNm>Lubumbashi</TwnNm>
						<CtrySubDvsn>HK</CtrySubDvsn>
						<Ctry>CD</Ctry>
						<AdrLine>794 Deviation de route Likasi</AdrLine>
						<AdrLine>00000 Lubumbashi</AdrLine>
					</PstlAdr>
				</Cdtr>
				<CdtrAcct>
					<Id>
						<Othr>
							<Id>05100051300104700790164</Id>
							<SchmeNm>
								<Prtry>RIB_RDC</Prtry>
							</SchmeNm>
						</Othr>
					</Id>
					<Nm>MINING ENGINEERING SERVICES SARL</Nm>
				</CdtrAcct>
				<Purp>
					<Cd>CASH</Cd>
				</Purp>
				<Tax>
					<Dbtr>
						<TaxId>A0810758D</TaxId>
					</Dbtr>
					<RefNb>MES/MS/021/214</RefNb>
					<Dt>2022-04-01</Dt>
					<Rcrd>
						<Tp>WHT</Tp>
						<TaxAmt>
							<TaxblBaseAmt Ccy="USD">0</TaxblBaseAmt>
							<TtlAmt Ccy="USD">0</TtlAmt>
						</TaxAmt>
					</Rcrd>
				</Tax>
				<RmtInf>
					<Ustrd>Tenke Fur USD 196.020,77 20220401</Ustrd>
				</RmtInf>
			</CdtTrfTxInf>
			<CdtTrfTxInf>
				<PmtId>
					<InstrId>02-14582000008460202242</InstrId>
					<EndToEndId>2000008460</EndToEndId>
				</PmtId>
				<PmtTpInf>
					<InstrPrty>NORM</InstrPrty>
					<SvcLvl>
						<Prtry>SWIFT_SINGLE</Prtry>
					</SvcLvl>
				</PmtTpInf>
				<Amt>
					<InstdAmt Ccy="USD">46155.82</InstdAmt>
				</Amt>
				<CdtrAgt>
					<FinInstnId>
						<BIC>BCDCCDKIXXX</BIC>
						<Nm>BANQUE COMMERICIALE DU CONGO</Nm>
						<Othr>
							<Id>00011</Id>
						</Othr>
					</FinInstnId>
					<BrnchId>
						<Id>00130</Id>
					</BrnchId>
				</CdtrAgt>
				<Cdtr>
					<Nm>Bureau De Consultation Miniere Et Services</Nm>
					<PstlAdr>
						<StrtNm>No33 Av Kato Q/Industriel</StrtNm>
						<PstCd>00000</PstCd>
						<TwnNm>Lubumbashi</TwnNm>
						<CtrySubDvsn>HK</CtrySubDvsn>
						<Ctry>CD</Ctry>
						<AdrLine>No33 Av Kato Q/Industriel</AdrLine>
						<AdrLine>00000 Lubumbashi</AdrLine>
					</PstlAdr>
				</Cdtr>
				<CdtrAcct>
					<Id>
						<Othr>
							<Id>00011001300000135735088</Id>
							<SchmeNm>
								<Prtry>RIB_RDC</Prtry>
							</SchmeNm>
						</Othr>
					</Id>
					<Nm>Bureau De Consultation Miniere Et Services</Nm>
				</CdtrAcct>
				<Purp>
					<Cd>CASH</Cd>
				</Purp>
				<Tax>
					<Dbtr>
						<TaxId>A0810758D</TaxId>
					</Dbtr>
					<RefNb>2022-02/07</RefNb>
					<Dt>2022-04-01</Dt>
					<Rcrd>
						<Tp>WHT</Tp>
						<TaxAmt>
							<TaxblBaseAmt Ccy="USD">0</TaxblBaseAmt>
							<TtlAmt Ccy="USD">0</TtlAmt>
						</TaxAmt>
					</Rcrd>
				</Tax>
				<RmtInf>
					<Ustrd>Tenke Fur USD 46.155,82 20220401</Ustrd>
				</RmtInf>
				<LclRef>
					<Id>TTC</Id>
					<Tp>INFO1</Tp>
				</LclRef>
				<LclRef>
					<Id>LOC</Id>
					<Tp>INFO2</Tp>
				</LclRef>
				<LclRef>
					<Id>1103</Id>
					<Tp>MOT1</Tp>
				</LclRef>
				<LclRef>
					<Id>KIN</Id>
					<Tp>MOT2</Tp>
				</LclRef>
			</CdtTrfTxInf>
			<CdtTrfTxInf>
				<PmtId>
					<InstrId>02-14582000008461202243</InstrId>
					<EndToEndId>2000008461</EndToEndId>
				</PmtId>
				<PmtTpInf>
					<InstrPrty>NORM</InstrPrty>
					<SvcLvl>
						<Prtry>SWIFT_SINGLE</Prtry>
					</SvcLvl>
				</PmtTpInf>
				<Amt>
					<InstdAmt Ccy="USD">16530.00</InstdAmt>
				</Amt>
				<CdtrAgt>
					<FinInstnId>
						<BIC>BCDCCDKI</BIC>
						<Nm>EQUITY BANK CONGO</Nm>
						<Othr>
							<Id>00018</Id>
						</Othr>
					</FinInstnId>
					<BrnchId>
						<Id>00027</Id>
					</BrnchId>
				</CdtrAgt>
				<Cdtr>
					<Nm>KEMBO TRADING SARL KEMBO TRADING SARL</Nm>
					<PstlAdr>
						<StrtNm>644 Avenue Tabuley,C/Gombe</StrtNm>
						<PstCd>0000</PstCd>
						<TwnNm>Kolwezi</TwnNm>
						<CtrySubDvsn>LB</CtrySubDvsn>
						<Ctry>CD</Ctry>
						<AdrLine>644 Avenue Tabuley,C/Gombe</AdrLine>
						<AdrLine>0000 Kolwezi</AdrLine>
					</PstlAdr>
				</Cdtr>
				<CdtrAcct>
					<Id>
						<Othr>
							<Id>00018000270007724120021</Id>
							<SchmeNm>
								<Prtry>RIB_RDC</Prtry>
							</SchmeNm>
						</Othr>
					</Id>
					<Nm>KEMBO TRADING SARL</Nm>
				</CdtrAcct>
				<Purp>
					<Cd>CASH</Cd>
				</Purp>
				<Tax>
					<Dbtr>
						<TaxId>A0810758D</TaxId>
					</Dbtr>
					<RefNb>B-001-2022</RefNb>
					<Dt>2022-04-01</Dt>
					<Rcrd>
						<Tp>WHT</Tp>
						<TaxAmt>
							<TaxblBaseAmt Ccy="USD">0</TaxblBaseAmt>
							<TtlAmt Ccy="USD">0</TtlAmt>
						</TaxAmt>
					</Rcrd>
				</Tax>
				<RmtInf>
					<Ustrd>Tenke Fur USD 16.530,00 20220401</Ustrd>
				</RmtInf>
				<LclRef>
					<Id>TTC</Id>
					<Tp>INFO1</Tp>
				</LclRef>
				<LclRef>
					<Id>LOC</Id>
					<Tp>INFO2</Tp>
				</LclRef>
				<LclRef>
					<Id>1103</Id>
					<Tp>MOT1</Tp>
				</LclRef>
				<LclRef>
					<Id>KIN</Id>
					<Tp>MOT2</Tp>
				</LclRef>
			</CdtTrfTxInf>
			<CdtTrfTxInf>
				<PmtId>
					<InstrId>02-14582000008462202244</InstrId>
					<EndToEndId>2000008462</EndToEndId>
				</PmtId>
				<PmtTpInf>
					<InstrPrty>NORM</InstrPrty>
					<SvcLvl>
						<Prtry>INTERNAL</Prtry>
					</SvcLvl>
				</PmtTpInf>
				<Amt>
					<InstdAmt Ccy="USD">76600.60</InstdAmt>
				</Amt>
				<CdtrAgt>
					<FinInstnId>
						<BIC>RAWBCDKI</BIC>
						<Nm>RAWBANK</Nm>
						<Othr>
							<Id>05100</Id>
						</Othr>
					</FinInstnId>
					<BrnchId>
						<Id>05134</Id>
					</BrnchId>
				</CdtrAgt>
				<Cdtr>
					<Nm>NOVA INCORPORATED SARL NOVA INCORPORATED SARL</Nm>
					<PstlAdr>
						<StrtNm>Av/ Dilolo, Q/ Mutoshi, C/ Manika</StrtNm>
						<PstCd>0000</PstCd>
						<TwnNm>Kolwezi</TwnNm>
						<CtrySubDvsn>LB</CtrySubDvsn>
						<Ctry>CD</Ctry>
						<AdrLine>Av/ Dilolo, Q/ Mutoshi, C/ Manika</AdrLine>
						<AdrLine>0000 Kolwezi</AdrLine>
					</PstlAdr>
				</Cdtr>
				<CdtrAcct>
					<Id>
						<Othr>
							<Id>05100051340106350800262</Id>
							<SchmeNm>
								<Prtry>RIB_RDC</Prtry>
							</SchmeNm>
						</Othr>
					</Id>
					<Nm>NOVA INCORPORATED SARL</Nm>
				</CdtrAcct>
				<Purp>
					<Cd>CASH</Cd>
				</Purp>
				<Tax>
					<Dbtr>
						<TaxId>A0810758D</TaxId>
					</Dbtr>
					<RefNb>2022/0019</RefNb>
					<Dt>2022-04-01</Dt>
					<Rcrd>
						<Tp>WHT</Tp>
						<TaxAmt>
							<TaxblBaseAmt Ccy="USD">0</TaxblBaseAmt>
							<TtlAmt Ccy="USD">0</TtlAmt>
						</TaxAmt>
					</Rcrd>
				</Tax>
				<RmtInf>
					<Ustrd>Tenke Fur USD 76.600,60 20220401</Ustrd>
				</RmtInf>
			</CdtTrfTxInf>
			<CdtTrfTxInf>
				<PmtId>
					<InstrId>02-14582000008463202245</InstrId>
					<EndToEndId>2000008463</EndToEndId>
				</PmtId>
				<PmtTpInf>
					<InstrPrty>NORM</InstrPrty>
					<SvcLvl>
						<Prtry>INTERNAL</Prtry>
					</SvcLvl>
				</PmtTpInf>
				<Amt>
					<InstdAmt Ccy="USD">17773.06</InstdAmt>
				</Amt>
				<CdtrAgt>
					<FinInstnId>
						<BIC>RAWBCDKI</BIC>
						<Nm>RAWBANK</Nm>
						<Othr>
							<Id>05100</Id>
						</Othr>
					</FinInstnId>
					<BrnchId>
						<Id>55130</Id>
					</BrnchId>
				</CdtrAgt>
				<Cdtr>
					<Nm>ETS TEMBO LOGISTICS</Nm>
					<PstlAdr>
						<StrtNm>I022 Av/Kasai,Q/Makutano,Q/Lubumbas</StrtNm>
						<PstCd>0000</PstCd>
						<TwnNm>Lubumbashi</TwnNm>
						<CtrySubDvsn>HK</CtrySubDvsn>
						<Ctry>CD</Ctry>
						<AdrLine>I022 Av/Kasai,Q/Makutano,Q/Lubumbas</AdrLine>
						<AdrLine>0000 Lubumbashi</AdrLine>
					</PstlAdr>
				</Cdtr>
				<CdtrAcct>
					<Id>
						<Othr>
							<Id>05100551300056595550195</Id>
							<SchmeNm>
								<Prtry>RIB_RDC</Prtry>
							</SchmeNm>
						</Othr>
					</Id>
					<Nm>ETS TEMBO LOGISTICS</Nm>
				</CdtrAcct>
				<Purp>
					<Cd>CASH</Cd>
				</Purp>
				<Tax>
					<Dbtr>
						<TaxId>A0810758D</TaxId>
					</Dbtr>
					<RefNb>TFM1026</RefNb>
					<Dt>2022-04-01</Dt>
					<Rcrd>
						<Tp>WHT</Tp>
						<TaxAmt>
							<TaxblBaseAmt Ccy="USD">0</TaxblBaseAmt>
							<TtlAmt Ccy="USD">0</TtlAmt>
						</TaxAmt>
					</Rcrd>
				</Tax>
				<RmtInf>
					<Ustrd>Tenke Fur USD 17.773,06 20220401</Ustrd>
				</RmtInf>
			</CdtTrfTxInf>
			<CdtTrfTxInf>
				<PmtId>
					<InstrId>02-14582000008464202246</InstrId>
					<EndToEndId>2000008464</EndToEndId>
				</PmtId>
				<PmtTpInf>
					<InstrPrty>NORM</InstrPrty>
					<SvcLvl>
						<Prtry>INTERNAL</Prtry>
					</SvcLvl>
				</PmtTpInf>
				<Amt>
					<InstdAmt Ccy="USD">70094.20</InstdAmt>
				</Amt>
				<CdtrAgt>
					<FinInstnId>
						<BIC>RAWBCDKI</BIC>
						<Nm>RAWBANK</Nm>
						<Othr>
							<Id>05100</Id>
						</Othr>
					</FinInstnId>
					<BrnchId>
						<Id>05130</Id>
					</BrnchId>
				</CdtrAgt>
				<Cdtr>
					<Nm>SAYE BUSINESS SARL SAYE BUSINESS SARL</Nm>
					<PstlAdr>
						<StrtNm>N 1878 Av Lac kipopo Q/Boudouin C/L</StrtNm>
						<PstCd>0000</PstCd>
						<TwnNm>Lubumbashi</TwnNm>
						<CtrySubDvsn>HK</CtrySubDvsn>
						<Ctry>CD</Ctry>
						<AdrLine>N 1878 Av Lac kipopo Q/Boudouin C/L</AdrLine>
						<AdrLine>0000 Lubumbashi</AdrLine>
					</PstlAdr>
				</Cdtr>
				<CdtrAcct>
					<Id>
						<Othr>
							<Id>05100051300107404960141</Id>
							<SchmeNm>
								<Prtry>RIB_RDC</Prtry>
							</SchmeNm>
						</Othr>
					</Id>
					<Nm>SAYE BUSINESS SARL</Nm>
				</CdtrAcct>
				<Purp>
					<Cd>CASH</Cd>
				</Purp>
				<Tax>
					<Dbtr>
						<TaxId>A0810758D</TaxId>
					</Dbtr>
					<RefNb>010/02/2022</RefNb>
					<Dt>2022-04-01</Dt>
					<Rcrd>
						<Tp>WHT</Tp>
						<TaxAmt>
							<TaxblBaseAmt Ccy="USD">0</TaxblBaseAmt>
							<TtlAmt Ccy="USD">0</TtlAmt>
						</TaxAmt>
					</Rcrd>
				</Tax>
				<RmtInf>
					<Ustrd>Tenke Fur USD 70.094,20 20220401</Ustrd>
				</RmtInf>
			</CdtTrfTxInf>
			<CdtTrfTxInf>
				<PmtId>
					<InstrId>02-14582000008465202247</InstrId>
					<EndToEndId>2000008465</EndToEndId>
				</PmtId>
				<PmtTpInf>
					<InstrPrty>NORM</InstrPrty>
					<SvcLvl>
						<Prtry>INTERNAL</Prtry>
					</SvcLvl>
				</PmtTpInf>
				<Amt>
					<InstdAmt Ccy="USD">58222.70</InstdAmt>
				</Amt>
				<CdtrAgt>
					<FinInstnId>
						<BIC>RAWBCDKI</BIC>
						<Nm>RAWBANK</Nm>
						<Othr>
							<Id>05100</Id>
						</Othr>
					</FinInstnId>
					<BrnchId>
						<Id>55101</Id>
					</BrnchId>
				</CdtrAgt>
				<Cdtr>
					<Nm>EXCELLENCE TRADE ...........</Nm>
					<PstlAdr>
						<StrtNm>KINSHASA KIN OASIS VILL A-16-6 C/BA</StrtNm>
						<PstCd>999069</PstCd>
						<TwnNm>KINSHASA</TwnNm>
						<CtrySubDvsn>KN</CtrySubDvsn>
						<Ctry>CD</Ctry>
						<AdrLine>KINSHASA KIN OASIS VILL A-16-6 C/BA</AdrLine>
						<AdrLine>999069 KINSHASA</AdrLine>
					</PstlAdr>
				</Cdtr>
				<CdtrAcct>
					<Id>
						<Othr>
							<Id>05100551010057828870128</Id>
							<SchmeNm>
								<Prtry>RIB_RDC</Prtry>
							</SchmeNm>
						</Othr>
					</Id>
					<Nm>EXCELLENCE TRADE</Nm>
				</CdtrAcct>
				<Purp>
					<Cd>CASH</Cd>
				</Purp>
				<Tax>
					<Dbtr>
						<TaxId>A0810758D</TaxId>
					</Dbtr>
					<RefNb>TFMHT202201</RefNb>
					<Dt>2022-04-01</Dt>
					<Rcrd>
						<Tp>WHT</Tp>
						<TaxAmt>
							<TaxblBaseAmt Ccy="USD">0</TaxblBaseAmt>
							<TtlAmt Ccy="USD">0</TtlAmt>
						</TaxAmt>
					</Rcrd>
				</Tax>
				<RmtInf>
					<Ustrd>Tenke Fur USD 58.222,70 20220401</Ustrd>
				</RmtInf>
			</CdtTrfTxInf>
		</PmtInf>
	</CstmrCdtTrfInitn>
</Document>