<?xml version="1.0" encoding="utf-8"?><Document xmlns="urn:iso:std:iso:20022:tech:xsd:pain.001.001.03DB" xmlns:xsi="http://www.w3.org/2001/XMLSchema-instance"><CstmrCdtTrfInitn><GrpHdr><MsgId>bss-AP0000000002</MsgId><CreDtTm>2022-08-23T11:18:14</CreDtTm><NbOfTxs>1</NbOfTxs><CtrlSum>14.00</CtrlSum><InitgPty><Nm>Boss Mining SAS</Nm></InitgPty></GrpHdr><PmtInf><PmtInfId>bss-AP0000000002-1</PmtInfId><PmtMtd>TRF</PmtMtd><NbOfTxs>1</NbOfTxs><DltPrvtData><OrdrPrties><Tp>IMM</Tp><Md>CREATE</Md></OrdrPrties></DltPrvtData><PmtTpInf><SvcLvl><Prtry>INTERNAL</Prtry></SvcLvl></PmtTpInf><ReqdExctnDt>2022-08-23</ReqdExctnDt><Dbtr><Nm>BOSS MINING</Nm><PstlAdr><StrtNm>LUBUMBASHI</StrtNm><TwnNm>LUBUMBASHI</TwnNm><Ctry>CD</Ctry></PstlAdr></Dbtr><DbtrAcct><Id><Othr><Id>01002107802</Id><SchmeNm><Prtry>BKCOM_ACCOUNT</Prtry></SchmeNm></Othr></Id><Ccy>USD</Ccy></DbtrAcct><DbtrAgt><FinInstnId><BIC>RAWBCDKI</BIC></FinInstnId><BrnchId><Id>05130</Id></BrnchId></DbtrAgt><CdtTrfTxInf><PmtId><InstrId>00000002</InstrId><EndToEndId>00000002</EndToEndId></PmtId><Amt><InstdAmt Ccy="USD">14.00</InstdAmt></Amt><CdtrAgt><FinInstnId><BIC>RAWBCDKIXXX</BIC></FinInstnId></CdtrAgt><Cdtr><Nm>CONGO COBALT CORPORATION</Nm><PstlAdr><StrtNm>238 ROUTE LIKASI</StrtNm><BldgNb>COMMUNE ANNEXE</BldgNb><PstCd>0000</PstCd><TwnNm>LUBUMBASHI</TwnNm><CtrySubDvsn>CD-HK</CtrySubDvsn><Ctry>CD</Ctry></PstlAdr></Cdtr><CdtrAcct><Id><Othr><Id>01003870401</Id><SchmeNm><Prtry>BKCOM_ACCOUNT</Prtry></SchmeNm></Othr></Id><Ccy>USD</Ccy></CdtrAcct><RmtInf><Ustrd>CCC-FTI-000000510</Ustrd></RmtInf></CdtTrfTxInf></PmtInf></CstmrCdtTrfInitn></Document>
